@misc{BBCtitanic,
  title = {BBC Titanic},
  howpublished = {\url{http://www.bbc.co.uk/history/titanic}},
  note = {Accessed: 5-8-2018}
}

@article{ulyssea-2018-firms-infor-devel,
  author =	 {Gabriel Ulyssea},
  title =	 {Firms, Informality, and Development: Theory and
                  Evidence From Brazil},
  journal =	 {American Economic Review},
  volume =	 108,
  number =	 8,
  pages =	 {2015-2047},
  year =	 2018,
  doi =		 {10.1257/aer.20141745},
  url =		 {https://doi.org/10.1257/aer.20141745},
  DATE_ADDED =	 {Sun Aug 5 15:49:11 2018},
}


